<record><leader>00000cas a22000007a 4500</leader><controlfield tag="001">14944111</controlfield><controlfield tag="008">861209d18751900pauwr ne      0    0eng d</controlfield><datafield ind1=" " ind2=" " tag="010"><subfield code="a">sn 86053992 </subfield></datafield><datafield ind1=" " ind2=" " tag="040"><subfield code="a">NPX</subfield><subfield code="b">eng</subfield><subfield code="c">NPX</subfield><subfield code="d">NPH</subfield><subfield code="d">OCLCQ</subfield></datafield><datafield ind1=" " ind2=" " tag="042"><subfield code="a">msc</subfield></datafield><datafield ind1="0" ind2=" " tag="130"><subfield code="a">Weekly news (Tidioute, Pa.)</subfield></datafield><datafield ind1="1" ind2="4" tag="245"><subfield code="a">The weekly news.</subfield></datafield><datafield ind1=" " ind2=" " tag="260"><subfield code="a">Tidioute, Warren Co., Pa. :</subfield><subfield code="b">Chas. E. White,</subfield><subfield code="c">1875-1900.</subfield></datafield><datafield ind1=" " ind2=" " tag="300"><subfield code="a">26 v. ;</subfield><subfield code="c">62 cm.</subfield></datafield><datafield ind1=" " ind2=" " tag="310"><subfield code="a">Weekly</subfield></datafield><datafield ind1="0" ind2=" " tag="362"><subfield code="a">Vol. 2, no. 17 (June 25, 1875)-v. 27, no. 43 (Dec. 28, 1900).</subfield></datafield><datafield ind1=" " ind2=" " tag="500"><subfield code="a">Editor: Charles E. White, &lt;1876&gt;.</subfield></datafield><datafield ind1=" " ind2=" " tag="752"><subfield code="a">United States</subfield><subfield code="b">Pennsylvania</subfield><subfield code="c">Warren</subfield><subfield code="d">Tidioute.</subfield></datafield><datafield ind1="0" ind2="0" tag="780"><subfield code="t">Warren County news (Youngsville, Pa.)</subfield><subfield code="w">(DLC)sn 88080798</subfield></datafield><datafield ind1="0" ind2="0" tag="785"><subfield code="t">News (Tidioute, Pa.)</subfield><subfield code="w">(DLC)sn 88080799</subfield></datafield><datafield ind1="1" ind2=" " tag="029"><subfield code="a">AU@</subfield><subfield code="b">000025798679</subfield></datafield></record>